<?xml version="1.0" encoding="UTF-8"?>
<marc:collection xmlns:marc="http://www.loc.gov/MARC21/slim" xmlns:xsi="http://www.w3.org/2001/XMLSchema-instance" xsi:schemaLocation="http://www.loc.gov/MARC21/slim http://www.loc.gov/standards/marcxml/schema/MARC21slim.xsd">
   <marc:record type="Bibliographic">
      <marc:leader>02329cam a2200421 a 4500</marc:leader>
      <marc:controlfield tag="001">460504</marc:controlfield>
      <marc:controlfield tag="003">NjP</marc:controlfield>
      <marc:controlfield tag="005">20140428171703.0</marc:controlfield>
      <marc:controlfield tag="008">880809s1975    ir       b    000 0 ara d</marc:controlfield>
      <marc:datafield tag="035" ind1=" " ind2=" ">
         <marc:subfield code="a">(OCoLC)ocn175415917</marc:subfield>
      </marc:datafield>
      <marc:datafield tag="035" ind1=" " ind2=" ">
         <marc:subfield code="a">(OCoLC)6779148</marc:subfield>
      </marc:datafield>
      <marc:datafield tag="040" ind1=" " ind2=" ">
         <marc:subfield code="a">NjP</marc:subfield>
         <marc:subfield code="c">PUL</marc:subfield>
         <marc:subfield code="d">PUL</marc:subfield>
      </marc:datafield>
      <marc:datafield tag="035" ind1=" " ind2=" ">
         <marc:subfield code="a">(OCoLC)175415917</marc:subfield>
      </marc:datafield>
      <marc:datafield tag="035" ind1=" " ind2=" ">
         <marc:subfield code="a">(CStRLIN)NJPG88-B40153</marc:subfield>
      </marc:datafield>
      <marc:datafield tag="035" ind1=" " ind2=" ">
         <marc:subfield code="9">ACD6155TS</marc:subfield>
      </marc:datafield>
      <marc:datafield tag="035" ind1=" " ind2=" ">
         <marc:subfield code="a">(NjP)460504</marc:subfield>
      </marc:datafield>
      <marc:datafield tag="041" ind1="0" ind2=" ">
         <marc:subfield code="a">arapereng</marc:subfield>
      </marc:datafield>
      <marc:datafield tag="079" ind1=" " ind2=" ">
         <marc:subfield code="a">ocm06779148</marc:subfield>
      </marc:datafield>
      <marc:datafield tag="049" ind1=" " ind2=" ">
         <marc:subfield code="a">PULL</marc:subfield>
      </marc:datafield>
      <marc:datafield tag="100" ind1="1" ind2=" ">
         <marc:subfield code="6">880-01</marc:subfield>
         <marc:subfield code="a">Fayḍ al-Kāshī, Muḥammad ibn Murtaḍá,</marc:subfield>
         <marc:subfield code="d">1598 or 1599-1680 or 1681.</marc:subfield>
      </marc:datafield>
      <marc:datafield tag="245" ind1="1" ind2="0">
         <marc:subfield code="6">880-02</marc:subfield>
         <marc:subfield code="a">Uṣūl al-maʻārif /</marc:subfield>
         <marc:subfield code="c">ta'līf Muḥaqqaq Mullā Muḥsin Fayz̤ ; bā taʻlīq va-taṣḥīḥ va-muqaddimah-'i Jalāl al-Dīn Āshtiyānī.</marc:subfield>
      </marc:datafield>
      <marc:datafield tag="260" ind1=" " ind2=" ">
         <marc:subfield code="6">880-03</marc:subfield>
         <marc:subfield code="a">Mashhad :</marc:subfield>
         <marc:subfield code="b">Dānishkadah-'i Ilāhīyāt va-Maʻārif-i Islāmī,</marc:subfield>
         <marc:subfield code="c">1354 [1975]</marc:subfield>
      </marc:datafield>
      <marc:datafield tag="300" ind1=" " ind2=" ">
         <marc:subfield code="a">24, 360, 203, 8 p. ;</marc:subfield>
         <marc:subfield code="c">24 cm.</marc:subfield>
      </marc:datafield>
      <marc:datafield tag="490" ind1="1" ind2=" ">
         <marc:subfield code="6">880-04</marc:subfield>
         <marc:subfield code="a">Intishārāt-i Dānishkadah-'i Ilāhīyāt va-Maʻārif-i Islāmī-yi Mashhad ;</marc:subfield>
         <marc:subfield code="v">shumārah 6</marc:subfield>
      </marc:datafield>
      <marc:datafield tag="500" ind1=" " ind2=" ">
         <marc:subfield code="a">Added t.p. and preface in English.</marc:subfield>
      </marc:datafield>
      <marc:datafield tag="650" ind1=" " ind2="0">
         <marc:subfield code="a">Islamic philosophy</marc:subfield>
         <marc:subfield code="v">Early works to 1800.</marc:subfield>
      </marc:datafield>
      <marc:datafield tag="600" ind1="1" ind2="0">
         <marc:subfield code="a">Sadr al-Dīn Shīrāzī, Muḥammad ibn Ibrāhīm,</marc:subfield>
         <marc:subfield code="d">d. 1641</marc:subfield>
         <marc:subfield code="x">Criticism and interpretation</marc:subfield>
         <marc:subfield code="x">Early works to 1800.</marc:subfield>
      </marc:datafield>
      <marc:datafield tag="650" ind1=" " ind2="0">
         <marc:subfield code="a">Transcendence (Philosophy)</marc:subfield>
         <marc:subfield code="x">Early works to 1800.</marc:subfield>
      </marc:datafield>
      <marc:datafield tag="650" ind1=" " ind2="0">
         <marc:subfield code="a">Philosophy, Islamic</marc:subfield>
         <marc:subfield code="x">Early works to 1800.</marc:subfield>
      </marc:datafield>
      <marc:datafield tag="700" ind1="1" ind2=" ">
         <marc:subfield code="6">880-05</marc:subfield>
         <marc:subfield code="a">Āshtiyānī, Jalāl al-Dīn.</marc:subfield>
      </marc:datafield>
      <marc:datafield tag="810" ind1="1" ind2=" ">
         <marc:subfield code="6">880-06</marc:subfield>
         <marc:subfield code="a">Mashhad (Iran).</marc:subfield>
         <marc:subfield code="b">Dānishgāh.</marc:subfield>
         <marc:subfield code="b">Dānishkadah-'i Ilāhīyāt va Maʻārif-i Islāmī.</marc:subfield>
         <marc:subfield code="t">Intishārāt-i Dānishkadah-'i Ilāhīyāt va Maʻārif-i Islāmī ;</marc:subfield>
         <marc:subfield code="v">no. 6.</marc:subfield>
      </marc:datafield>
      <marc:datafield tag="880" ind1="1" ind2=" ">
         <marc:subfield code="6">100-01/r</marc:subfield>
         <marc:subfield code="a">فيض الكاشي، محمد بن مرتضى،</marc:subfield>
         <marc:subfield code="d">1598 or 1599-1680 or 1681.</marc:subfield>
      </marc:datafield>
      <marc:datafield tag="880" ind1="1" ind2="0">
         <marc:subfield code="6">245-02/r</marc:subfield>
         <marc:subfield code="a">اصول المعارف /</marc:subfield>
         <marc:subfield code="c">تأليف محسن فيض؛ با تعليق و تصحيح و مقدمه جلال الدين اشتيانى.</marc:subfield>
      </marc:datafield>
      <marc:datafield tag="880" ind1=" " ind2=" ">
         <marc:subfield code="6">260-03/r</marc:subfield>
         <marc:subfield code="a">[مشهد] :</marc:subfield>
         <marc:subfield code="b">دانشگاه فردوسى،</marc:subfield>
         <marc:subfield code="c">١٣٥٤.</marc:subfield>
      </marc:datafield>
      <marc:datafield tag="880" ind1="1" ind2=" ">
         <marc:subfield code="6">490-04/r</marc:subfield>
         <marc:subfield code="a">انتشارات دانشكده الهيات و معرف اسلامى مشهد ؛</marc:subfield>
         <marc:subfield code="v">٦</marc:subfield>
      </marc:datafield>
      <marc:datafield tag="880" ind1="1" ind2=" ">
         <marc:subfield code="6">700-05/r</marc:subfield>
         <marc:subfield code="a">اشتيانى، جلال الدين.</marc:subfield>
      </marc:datafield>
      <marc:datafield tag="880" ind1="1" ind2=" ">
         <marc:subfield code="6">810-06/r</marc:subfield>
         <marc:subfield code="a">مشهد، ايران.</marc:subfield>
         <marc:subfield code="b">دانشگاه.</marc:subfield>
         <marc:subfield code="b">دانشكده الهيات و معرف اسلامى.</marc:subfield>
         <marc:subfield code="t">انتشارات ;</marc:subfield>
         <marc:subfield code="v">٦.</marc:subfield>
      </marc:datafield>
      <marc:datafield tag="994" ind1=" " ind2=" ">
         <marc:subfield code="a">C0</marc:subfield>
         <marc:subfield code="b">PUL</marc:subfield>
      </marc:datafield>
      <marc:datafield tag="999" ind1=" " ind2=" ">
         <marc:subfield code="a">460504</marc:subfield>
      </marc:datafield>
   </marc:record>
</marc:collection>
